// ============= GENERALE ==============
@article{nature-pqc,
  title={Post-quantum cryptography},
  author={Bernstein, Daniel J and Lange, Tanja},
  journal={Nature},
  DOI={10.1038/nature23461},
  volume={549},
  number={7671},
  pages={188--194},
  year={2017},
  publisher={Nature Publishing Group UK London}
}
@techreport{NISTthirdReport,
  title={Status report on the third round of the NIST post-quantum cryptography standardization process},
  author={Alagic, Gorjan and Alagic, Gorjan and Apon, Daniel and Cooper, David and Dang, Quynh and Dang, Thinh and Kelsey, John and Lichtinger, Jacob and Liu, Yi-Kai and Miller, Carl and others},
  DOI={10.6028/NIST.IR.8413},
  year={2022},
  institution = {National Institute of Standards and Technology},
  url={https://www.nist.gov/publications/status-report-third-round-nist-post-quantum-cryptography-standardization-process}
}
@techreport{NISTsecondReport,
  title        = {Status Report on the Second Round of the NIST Post-Quantum Cryptography Standardization Process},
  author       = {Nadia Heninger and Dustin Moody},
  institution  = {National Institute of Standards and Technology},
  year         = {2020},
  number       = {NIST IR 8309},
  doi          = {10.6028/NIST.IR.8309},
  url          = {https://nvlpubs.nist.gov/nistpubs/ir/2020/NIST.IR.8309.pdf},
  note         = {Accessed: 2024-08-16}
}
@techreport{NISTevaluationCriteria,
  title        = {Submission Requirements and Evaluation Criteria for the Post-Quantum Cryptography Standardization Process},
  author       = {National Institute of Standards and Technology},
  institution  = {National Institute of Standards and Technology},
  year         = {2016},
  url          = {https://csrc.nist.gov/CSRC/media/Projects/Post-Quantum-Cryptography/documents/call-for-proposals-final-dec-2016.pdf},
  note         = {Accessed: 2024-08-16}
}
@techreport{NISTsecurityLevelsTable,
  title        = {Recommendation for Key Management: Part 1 - General},
  author       = {Elaine Barker and Quynh Dang},
  institution  = {National Institute of Standards and Technology},
  year         = {2020},
  number       = {NIST SP 800-57 Part 1 Rev. 5},
  doi          = {10.6028/NIST.SP.800-57pt1r5},
  url          = {https://nvlpubs.nist.gov/nistpubs/SpecialPublications/NIST.SP.800-57pt1r5.pdf},
  note         = {Accessed: 2024-08-16}
}
@techreport{enisa-pqc,
  author       = {{European Union Agency for Cybersecurity (ENISA)}},
  title        = {Post-Quantum Cryptography: Current State and Quantum Mitigation},
  year         = {2021},
  url          = {https://www.enisa.europa.eu/publications/post-quantum-cryptography-current-state-and-quantum-mitigation},
  note         = {Accessed: 2024-07-27},
  institution = {European Union Agency for Cybersecurity (ENISA)}
}
@article{iot-hashbasedpqc,
  title={On the role of hash-based signatures in quantum-safe internet of things: Current solutions and future directions},
  author={Suhail, Sabah and Hussain, Rasheed and Khan, Abid and Hong, Choong Seon},
  journal={IEEE Internet of Things Journal},
  volume={8},
  number={1},
  pages={1--17},
  year={2020},
  publisher={IEEE}
}
@inproceedings{security-levels-symm-asymm-algorithms,
  title={Quantum cryptography: Overview, security issues and future challenges},
  author={Mitra, Saptarshi and Jana, Bappaditya and Bhattacharya, Supratim and Pal, Prashnatita and Poray, Jayanta},
  booktitle={2017 4th International Conference on Opto-Electronics and Applied Optics (Optronix)},
  pages={1--7},
  year={2017},
  organization={IEEE}
}
@misc{nist-website,
  author       = {{National Institute of Standards and Tecnology}},
  title        = {About NIST},
  year         = {2009},
  howpublished = {\url{https://www.nist.gov/about-nist}},
  note         = {Accessed: 2024-07-10}
}
@misc{nist-pqc,
  author       = {{National Institute of Standards and Technology}},
  title        = {NIST Post-Quantum Cryptography Standardization Process},
  year         = {2013},
  howpublished = {\url{https://csrc.nist.gov/Projects/Post-Quantum-Cryptography}},
  note         = {Accessed: 2024-07-27}
}
@misc{nist-pqc-api,
  author       = {{National Institute of Standards and Technology}},
  title        = {NIST PQC API resources},
  year         = {2016},
  howpublished = {\url{https://csrc.nist.gov/CSRC/media/Projects/Post-Quantum-Cryptography/documents/example-files/api-notes.pdf}},
  note         = {Accessed: 2024-07-27}
}
@misc{nist-video,
  author       = {Scholl, Matt},
  title        = {Post-Quantum Encryption: Q\&A with NIST's Matt Scholl},
  year         = {2023},
  howpublished = {\url{https://www.nist.gov/blogs/taking-measure/post-quantum-encryption-qa-nists-matt-scholl}},
  note         = {Accessed: 2024-07-27}
}
@misc{etsi-qsc,
  author       = {{European Telecommunications Standards Institute}},
  title        = {Quantum-Safe Cryptography},
  year         = {2024},
  howpublished = {\url{https://www.etsi.org/technologies/quantum-safe-cryptography}},
  note         = {Accessed: 2024-07-27}
}
@online{wikipedia_newhope,
  title = {NewHope},
  author = {{Wikipedia contributors}},
  year = {2024},
  url = {https://en.wikipedia.org/wiki/NewHope},
  note = {Accessed: 2024-09-03},
  publisher = {Wikipedia, The Free Encyclopedia},
}
@online{nist2024article,
  author    = {{National Institute of Standards and Technology}},
  title     = {NIST Releases First 3 Finalized Post-Quantum Encryption Standards},
  year      = {2024},
  url       = {https://www.nist.gov/news-events/news/2024/08/nist-releases-first-3-finalized-post-quantum-encryption-standards},
  note      = {Accessed: 2024-09-05}
}

// ============= FIRMA DIGITALE ADES ==============
@techreport{ETSI31910201,
  title     = {Electronic Signatures and Infrastructures (ESI); 
               Procedures for Creation and Validation of AdES Digital Signatures; 
               Part 1: Creation and Validation},
  author    = {{ETSI}},
  year      = {2024},
  number    = {ETSI EN 319 102-1 V1.4.1},
  institution = {European Telecommunications Standards Institute},
  url       = {https://www.etsi.org/deliver/etsi_en/319100_319199/31910201/01.04.01_60/en_31910201v010401p.pdf}
}
@techreport{ETSI11910202,
  title     = {Electronic Signatures and Infrastructures (ESI); 
               Procedures for Creation and Validation of AdES Digital Signatures; 
               Part 2: Signature Validation},
  author    = {{ETSI}},
  year      = {2023},
  number    = {ETSI TS 119 102-2 V1.4.1},
  institution = {European Telecommunications Standards Institute},
  url       = {https://www.etsi.org/deliver/etsi_ts/119100_119199/11910202/01.04.01_60/ts_11910202v010401p.pdf}
}
@techreport{etsi_ts_119312,
  title        = "{ETSI TS 119 312 V1.4.3 (2022-01): Electronic Signatures and Infrastructures (ESI); Cryptographic Suites}",
  author    = {{ETSI}},
  institution  = "ETSI",
  year         = "2022",
  number       = "119312",
  version      = "1.4.3",
  url          = "https://www.etsi.org/deliver/etsi_ts/119300_119399/119312/01.04.03_60/ts_119312v010403p.pdf"
}
@techreport{etsi_ts_102918,
  title        = "{ETSI TS 102 918 V1.3.1 (2013-06): Electronic Signatures and Infrastructures (ESI); Associated Signature Containers (ASiC)}",
  author    = {{ETSI}},
  institution  = "ETSI",
  year         = "2013",
  number       = "102918",
  version      = "1.3.1",
  url          = "https://www.etsi.org/deliver/etsi_ts/102900_102999/102918/01.03.01_60/ts_102918v010301p.pdf"
}
@techreport{etsi_ts_319142,
  title        = "{ETSI TS 319 142-1 V1.2.1 (2024-01): Electronic Signatures and Infrastructures (ESI); PAdES digital signatures}",
  author    = {{ETSI}},
  institution  = "ETSI",
  year         = "2024",
  number       = "319142-1",
  version      = "1.3.1",
  url          = "https://www.etsi.org/deliver/etsi_en/319100_319199/31914201/01.02.01_60/en_31914201v010201p.pdf"
}
@misc{EU2024_1183,
  title = {Regulation (EU) 2024/1183 of the European Parliament and of the Council of 11 April 2024 amending Regulation (EU) No 910/2014 as regards establishing the European Digital Identity Framework},
  author    = {{EUR-Lex}},
  howpublished = {\url{https://eur-lex.europa.eu/eli/reg/2024/1183/oj}},
  year = {2024},
  note = {OJ L 1183, 30 April 2024},
}
// ============= CRYSTALS ==============
@misc{crystals-website,
  author       = {{CRYSTALS PQC}},
  title        = {CRYSTALS: Cryptographic Suite for Algebraic Lattices},
  year         = {2020},
  howpublished = {\url{https://pq-crystals.org/}},
  note         = {Accessed: 2024-07-24}
}
@misc{crystals-dilithium-website,
  author       = {{CRYSTALS Dilithium PQC research team}},
  title        = {CRYSTALS Dilithium: Cryptographic Suite for Algebraic Lattices},
  year         = {2020},
  howpublished = {\url{https://pq-crystals.org/dilithium/}},
  note         = {Accessed: 2024-07-24}
}
@misc{crystals-dilithium-github,
  author       = {{CRYSTALS-Dilithium Team}},
  title        = {CRYSTALS-Dilithium},
  year         = {2023},
  howpublished = {\url{https://github.com/pq-crystals/dilithium}},
  note         = {Accessed: 2024-07-10}
}
@article{crystalsdilithium-submissionpackage-one,
  title={Crystals-dilithium: A lattice-based digital signature scheme},
  author={Ducas, L{\'e}o and Kiltz, Eike and Lepoint, Tancrede and Lyubashevsky, Vadim and Schwabe, Peter and Seiler, Gregor and Stehl{\'e}, Damien},
  journal={IACR Transactions on Cryptographic Hardware and Embedded Systems},
  DOI={10.13154/tches.v2018.i1.238-268},
  pages={238--268},
  year={2018}
}
@techreport{crystalsdilithium-submissionpackage-three,
  title={Crystals-dilithium: Algorithm Specifications and Supporting Documentation},
  author={Ducas, L{\'e}o and Kiltz, Eike and Lepoint, Tancrede and Lyubashevsky, Vadim and Schwabe, Peter and Seiler, Gregor and Stehl{\'e}, Damien},
  year      = {2021},
  institution = {CRYSTALS-Dilithium Research Team},
  url       = {https://pq-crystals.org/dilithium/resources.shtml}
}
// ============= FALCON ==============
@misc{falcon-website,
  author       = {{FALCON PQC research team}},
  title        = {FALCON: Fast Fourier Lattuce-based Compact Signatures over NTRU},
  year         = {2020},
  howpublished = {\url{https://falcon-sign.info/}},
  note         = {Accessed: 2024-07-24}
}
@misc{falcon-github,
  author       = {{CRYSTALS-FALCON Team}},
  title        = {CRYSTALS-FALCON},
  year         = {2023},
  howpublished = {\url{https://falcon-sign.info/impl/falcon.h.html}},
  note         = {Accessed: 2024-07-10}
}
@inproceedings{falcon-sidechannel-attack,
  title={Falcon down: Breaking falcon post-quantum signature scheme through side-channel attacks},
  author={Karabulut, Emre and Aysu, Aydin},
  booktitle={2021 58th ACM/IEEE Design Automation Conference (DAC)},
  DOI={10.1109/DAC18074.2021.9586131},
  pages={691--696},
  year={2021},
  organization={IEEE}
}
@techreport{falcon-submissionpackage-three,
  title={Falcon: Fast-Fourier Lattice-based Compact Signatures over NTRU},
  author={Pierre-Alain Fouque and Jeffrey Hoffstein and Paul Kirchner and Vadim Lyubashevsky and Thomas Pornin and Thomas Prest and Thomas Ricosset and Gregor Seiler and William Whyte and Zhenfei Zhang},
  year={2020},
  institution={FALCON Research Team},
  url={https://falcon-sign.info/falcon.pdf}
}
// ============= SPHINCS+ ==============
@misc{sphincs-plus-website,
  author       = {{Sphincs Plus PQC research team}},
  title        = {Sphincs Plus: Stateless hash-based signatures},
  year         = {2020},
  howpublished = {\url{https://sphincs.org/}},
  note         = {Accessed: 2024-07-24}
}
@misc{sphincs-plus-github,
  author       = {{SPHINCS+ Team}},
  title        = {SPHINCS+},
  year         = {2023},
  howpublished = {\url{https://github.com/sphincs/sphincsplus}},
  note         = {Accessed: 2024-07-10}
}
@article{sphincs-ieee-paper,
  title={Efficient parallelism of post-quantum signature scheme SPHINCS},
  author={Sun, Shuzhou and Zhang, Rui and Ma, Hui},
  journal={IEEE Transactions on Parallel and Distributed Systems},
  DOI={10.1109/TPDS.2020.2995562},
  volume={31},
  number={11},
  pages={2542--2555},
  year={2020},
  publisher={IEEE}
}
@misc{sphincs-submissionpackage-three,
    author       = {Daniel J. Bernstein and Daira Hopwood and Andreas Hülsing and Stefan Kölbl and Ralf-Philipp Weinmann and Bo-Yin Yang and Zooko Wilcox-O'Hearn},
    title        = {SPHINCS+ (Version 3.1): Submission to the NIST Post-Quantum Cryptography Project},
    howpublished = {\url{https://sphincs.org/data/sphincs+-r3.1-specification.pdf}},
    year         = {2023},
    note         = {Accessed: 2024-08-18}
}
@misc{sphincs-changelog-round-three,
    author       = {Jean-Philippe Aumasson and Daniel J. Bernstein and Ward Beullens and Christoph Dobraunig and Maria Eichlseder and Scott Fluhrer and Stefan-Lukas Gazdag and Andreas Hülsing and Panos Kampanakis and Stefan Kölbl and Tanja Lange and Martin M. Lauridsen and Florian Mendel and Ruben Niederhagen and Christian Rechberger and Joost Rijneveld and Peter Schwabe and Bas Westerbaan},
    title        = {SPHINCS+ Modifications for Round 3 Submission to the NIST Post-Quantum Project},
    year         = {2020},
    note         = {Included in the third submission package to NIST},
}
@inproceedings{sphincs-presentation-paper,
    author       = {Daniel J. Bernstein and Daira Hopwood and Andreas Hülsing and Stefan Kölbl and Ruben Niederhagen and Christiane Peters and Peter Schwabe and Gregor Wolf},
    title        = {{SPHINCS+}: {A} Stateless Hash-Based Signature Scheme},
    booktitle    = {Proceedings of the 2019 ACM SIGSAC Conference on Computer and Communications Security (CCS '19)},
    year         = {2019},
    pages        = {2129--2146},
    publisher    = {Association for Computing Machinery},
    address      = {New York, NY, USA},
    doi          = {10.1145/3319535.3363229},
    url          = {\url{https://sphincs.org/data/sphincs+-paper.pdf}},
}
// ============= RAINBOW ==============
@misc{rainbow-website,
  author       = {{Rainbow PQC research team}},
  title        = {PQC Rainbow},
  year         = {2020},
  howpublished = {\url{https://www.pqcrainbow.org/}},
  note         = {Accessed: 2024-07-24}
}
// ============= PROGETTO ===============
@misc{project-github,
  author       = {{Tomas Lovato}},
  title        = {GitHub - Analisi di algoritmi di firma digitale post-quantum},
  year         = {2024},
  howpublished = {\url{https://github.com/LovatoTomas/Analisi_di_algoritmi_di_firma_digitale_post-quantum}}
}
@misc{liboqs,
  author       = {Open Quantum Safe project},
  title        = {liboqs: C library for quantum-safe cryptography},
  howpublished = {\url{https://github.com/open-quantum-safe/liboqs}},
  year         = {2024},
  note         = {Accessed: 2024-08-20},
}
@misc{stackexchange_rsa_2015,
  title = {RSA Public Key and Private Key Lengths},
  author = {Foonly},
  year = {2015},
  url = {https://security.stackexchange.com/questions/90169/rsa-public-key-and-private-key-lengths},
  note = {Accessed: 2024-08-02},
  howpublished = {Security Stack Exchange},
}